<record><leader>00000cas a22000007a 4500</leader><controlfield tag="001">30054928</controlfield><controlfield tag="008">940330d19781980moucr ne      0    0eng d</controlfield><datafield ind1=" " ind2=" " tag="010"><subfield code="a">sn 93060436 </subfield></datafield><datafield ind1=" " ind2=" " tag="040"><subfield code="a">MQN</subfield><subfield code="b">eng</subfield><subfield code="c">MQN</subfield><subfield code="d">OCLCQ</subfield><subfield code="d">OCLCF</subfield><subfield code="d">OCLCO</subfield></datafield><datafield ind1="1" ind2=" " tag="029"><subfield code="a">AU@</subfield><subfield code="b">000025866848</subfield></datafield><datafield ind1=" " ind2=" " tag="042"><subfield code="a">msc</subfield></datafield><datafield ind1=" " ind2=" " tag="043"><subfield code="a">n-us-mo</subfield></datafield><datafield ind1="0" ind2="0" tag="245"><subfield code="a">Arnold pilot.</subfield></datafield><datafield ind1=" " ind2=" " tag="260"><subfield code="a">Arnold, Mo. :</subfield><subfield code="b">Jefferson County Newspapers,</subfield><subfield code="c">1978-1980.</subfield></datafield><datafield ind1=" " ind2=" " tag="300"><subfield code="a">v.</subfield></datafield><datafield ind1=" " ind2=" " tag="310"><subfield code="a">Semiweekly</subfield></datafield><datafield ind1="0" ind2=" " tag="362"><subfield code="a">Vol. 1, issue 1 (Sept. 12, 1978)-v. 2, issue no. 31 (Jan. 17, 1980).</subfield></datafield><datafield ind1=" " ind2="0" tag="651"><subfield code="a">Arnold (Mo.)</subfield><subfield code="v">Newspapers.</subfield></datafield><datafield ind1=" " ind2="7" tag="655"><subfield code="a">Newspapers.</subfield><subfield code="2">fast</subfield><subfield code="0">(OCoLC)fst01423814</subfield></datafield><datafield ind1=" " ind2="7" tag="651"><subfield code="a">Missouri</subfield><subfield code="z">Arnold.</subfield><subfield code="2">fast</subfield><subfield code="0">(OCoLC)fst01205841</subfield></datafield><datafield ind1=" " ind2=" " tag="752"><subfield code="a">United States</subfield><subfield code="b">Missouri</subfield><subfield code="c">Jefferson</subfield><subfield code="d">Arnold.</subfield></datafield><datafield ind1="0" ind2="7" tag="785"><subfield code="t">Daily news-Democrat (Festus, Mo.)</subfield><subfield code="w">(DLC)sn 89066942</subfield></datafield><datafield ind1="0" ind2="7" tag="785"><subfield code="t">Jefferson County Democrat-pilot</subfield><subfield code="w">(DLC)sn 89066937</subfield></datafield></record>